@book{bauschke2011convex,
  title={Convex analysis and monotone operator theory in Hilbert spaces},
  author={Bauschke, Heinz H and Combettes, Patrick L and others},
  volume={408},
  year={2011},
  publisher={Springer}
}

@book{beck2017first,
  title={First-order methods in optimization},
  author={Beck, Amir},
  year={2017},
  publisher={SIAM}
}

@article{gorbunov2024methods,
  title={Methods for Convex $(L\_0, L\_1) $-Smooth Optimization: Clipping, Acceleration, and Adaptivity},
  author={Gorbunov, Eduard and Tupitsa, Nazarii and Choudhury, Sayantan and Aliev, Alen and Richt{\'a}rik, Peter and Horv{\'a}th, Samuel and Tak{\'a}{\v{c}}, Martin},
  journal={arXiv preprint arXiv:2409.14989},
  year={2024}
}

@article{richtarik2021ef21,
  title={{EF21}: A New, Simpler, Theoretically Better, and Practically Faster Error Feedback},
  author={Richt{\'a}rik, Peter and Sokolov, Igor and Fatkhullin, Ilyas},
  journal={In Neural Information Processing Systems, 2021.},
  year={2021}
}